%% LaTeX2e file `master-thesis.bib'
%% generated by the `filecontents' environment
%% from source `master-thesis' on 2020/05/20.
%%
